@book{Agarwal_2012,
place={Cambridge},
title={Quantum Optics}, 
publisher={Cambridge University Press}, 
author={Agarwal, Girish S.},
year={2012}} 

@book{Sakurai,
place={New York}, 
title={Modern Quantum Mechanics}, 
publisher={Addison-Wesley}, 
author={Sakurai, J. J.}, 
year={1994}}

@book{Walls,
place={Berlin Heidelberg}, 
title={Quantum Optics}, 
publisher={Springer-Verlag}, 
author={Walls D.F, and Milburn G.J.}, 
year={2008}}

@book{Arfken,
place={New York}, 
title={Mathematical Methods for Physicists}, 
publisher={Elsevier Academic Press}, 
author={Arfken G.B, and Weber H.J.}, 
year={2008}}

@book{Riley,
place={Cambridge}, 
title={Mathematical Methods for Physics and Engineering}, 
publisher={Cambridge University Press Press}, 
author={Riley K.F, Hobson H.J and Bence S.J}, 
year={2006}}

@book{Griffiths,
place={New Jersey}, 
title={Mathematical Methods for Physics and Engineering}, 
publisher={Prentice Hall}, 
author={Griffiths, D.J}, 
year={1999}}

@book{Moya,
place={}, 
title={Introduction to Quantum Optics}, 
publisher={Rinton Press}, 
author={Moya-Cessa, H.M, Soto-Eguibar, F.}, 
year={1999}}

@book{Loudon,
place={New York}, 
title={The Quantum Theory of Light}, 
publisher={Oxford University Press}, 
author={Loudon, R.}, 
year={2000}}